@article{demiguel2007optimal,
  title={Optimal versus naive diversification: How inefficient is the 1/N portfolio strategy?},
  author={DeMiguel, Victor and Garlappi, Lorenzo and Uppal, Raman},
  journal={The review of Financial studies},
  volume={22},
  number={5},
  pages={1915--1953},
  year={2007},
  publisher={Oxford University Press}
}

@article{tian2016primal,
  title={A Primal-Dual Polynomial Interior Point Method for Portfolio Investment without Short Sale},
  author={Tian, Zhenming and Song, Xinyu},
  year={2016}
}

@article{brodie2009sparse,
  title={Sparse and stable Markowitz portfolios},
  author={Brodie, Joshua and Daubechies, Ingrid and De Mol, Christine and Giannone, Domenico and Loris, Ignace},
  journal={Proceedings of the National Academy of Sciences},
  volume={106},
  number={30},
  pages={12267--12272},
  year={2009},
  publisher={National Acad Sciences}
}

@article{gutin2001introduction,
  title={Introduction to Algorithms (Cormen, Leiserson, and Rivest)},
  author={Gutin, G and Yeo, A and Zverovich, A},
  journal={Greedy Algorithms},
  year={2001}
}

@article{lobo2007portfolio,
  title={Portfolio optimization with linear and fixed transaction costs},
  author={Lobo, Miguel Sousa and Fazel, Maryam and Boyd, Stephen},
  journal={Annals of Operations Research},
  volume={152},
  number={1},
  pages={341--365},
  year={2007},
  publisher={Springer}
}

@book{hull2016options,
  title={Options, futures, and other derivatives},
  author={Hull, John C and Basu, Sankarshan},
  year={2016},
  publisher={Pearson Education India}
}

@article{dumas1998implied,
  title={Implied volatility functions: Empirical tests},
  author={Dumas, Bernard and Fleming, Jeff and Whaley, Robert E},
  journal={The Journal of Finance},
  volume={53},
  number={6},
  pages={2059--2106},
  year={1998},
  publisher={Wiley Online Library}
}

@book{brandimarte2013numerical,
  title={Numerical methods in finance and economics: a MATLAB-based introduction},
  author={Brandimarte, Paolo},
  year={2013},
  publisher={John Wiley \& Sons}
}